%% This BibTeX bibliography file was created using BibDesk.
%% http://bibdesk.sourceforge.net/


%% Created for Nicolo Paternoster at 2012-12-04 16:11:03 +0100 


%% Saved with string encoding Unicode (UTF-8) 



@article{Deias,
	Author = {Deias, Roberto and Mugheddu, G},
	Date-Added = {2012-06-27 07:50:06 +0000},
	Date-Modified = {2012-06-27 07:50:06 +0000},
	File = {:Users/advanced/Documents/Mendeley Desktop/Introducing XP in a start-up - Deias, Murru - Unknown.pdf:pdf},
	Journal = {Proc. 3rd International},
	Keywords = {extreme programming,iso12207,iso9001,risk,xp},
	Title = {{Introducing XP in a start-up}},
	Url = {http://cf.agilealliance.org/articles/system/article/file/873/file.pdf},
	Year = {2002},
	Bdsk-Url-1 = {http://cf.agilealliance.org/articles/system/article/file/873/file.pdf}}

@article{Coleman2008a,
	Author = {Coleman, G and Oconnor, R},
	Date-Added = {2012-06-27 07:50:06 +0000},
	Date-Modified = {2012-06-27 07:50:06 +0000},
	Doi = {10.1016/j.jss.2007.07.027},
	File = {:Users/advanced/Documents/Mendeley Desktop/Investigating software process in practice A grounded theory perspective - Coleman, Oconnor - 2008.pdf:pdf},
	Issn = {01641212},
	Journal = {Journal of Systems and Software},
	Keywords = {cmmi,grounded theory,iso 9000,software process improvement,xp},
	Month = may,
	Number = {5},
	Pages = {772--784},
	Title = {{Investigating software process in practice: A grounded theory perspective}},
	Url = {http://linkinghub.elsevier.com/retrieve/pii/S0164121207001811},
	Volume = {81},
	Year = {2008},
	Bdsk-Url-1 = {http://linkinghub.elsevier.com/retrieve/pii/S0164121207001811},
	Bdsk-Url-2 = {http://dx.doi.org/10.1016/j.jss.2007.07.027}}

@article{Coleman2007,
	Author = {Coleman, Gerry and O'Connor, R.},
	Date-Added = {2012-06-27 07:50:06 +0000},
	Date-Modified = {2012-06-27 07:50:06 +0000},
	Doi = {10.1016/j.insof.2007.02.011},
	File = {:Users/advanced/Documents/Mendeley Desktop/Using grounded theory to understand software process improvement A study of Irish software product companies - Coleman, O'Connor - 2007.pdf:pdf},
	Journal = {Information and Software Technology},
	Keywords = {grounded theory,qualitative research methods,software engineering,software process improvement},
	Number = {6},
	Pages = {654--667},
	Publisher = {Elsevier},
	Title = {{Using grounded theory to understand software process improvement: A study of Irish software product companies}},
	Url = {http://www.sciencedirect.com/science/article/pii/S0950584907000134},
	Volume = {49},
	Year = {2007},
	Bdsk-Url-1 = {http://www.sciencedirect.com/science/article/pii/S0950584907000134},
	Bdsk-Url-2 = {http://dx.doi.org/10.1016/j.insof.2007.02.011}}

@article{Wall2001,
	Author = {Wall, DAE},
	Date-Added = {2012-06-27 07:50:06 +0000},
	Date-Modified = {2012-06-27 07:50:06 +0000},
	File = {:Users/advanced/Documents/Mendeley Desktop/Using Open Source for a Profitable Startup - Wall - 2001.pdf:pdf},
	Journal = {Computer},
	Title = {{Using Open Source for a Profitable Startup}},
	Url = {http://ieeexplore.ieee.org/xpls/abs\_all.jsp?arnumber=970592},
	Year = {2001},
	Bdsk-Url-1 = {http://ieeexplore.ieee.org/xpls/abs%5C_all.jsp?arnumber=970592}}

@article{Ambler2002,
	Author = {Ambler, S.W.},
	File = {:Users/advanced/Documents/Mendeley Desktop/Lessons in agility from Internet-based development - Ambler - 2002.pdf:pdf},
	Journal = {IEEE Software,},
	Number = {April},
	Pages = {66--73},
	Publisher = {Published by the IEEE Computer Society},
	Title = {{Lessons in agility from Internet-based development}},
	Url = {http://www.computer.org/portal/web/csdl/doi/10.1109/52.991334},
	Year = {2002},
	Bdsk-Url-1 = {http://www.computer.org/portal/web/csdl/doi/10.1109/52.991334}}

@article{Bean2005,
	Author = {Bean, LuAnn and Hott, David D.},
	Doi = {10.1002/jcaf.20128},
	File = {:Users/advanced/Documents/Mendeley Desktop/Wiki A speedy new tool to manage projects - Bean, Hott - 2005(2).pdf:pdf},
	Issn = {1044-8136},
	Journal = {Journal of Corporate Accounting \& Finance},
	Month = jul,
	Number = {5},
	Pages = {3--8},
	Title = {{Wiki: A speedy new tool to manage projects}},
	Url = {http://doi.wiley.com/10.1002/jcaf.20128},
	Volume = {16},
	Year = {2005},
	Bdsk-Url-1 = {http://doi.wiley.com/10.1002/jcaf.20128},
	Bdsk-Url-2 = {http://dx.doi.org/10.1002/jcaf.20128}}

@article{Camel1994a,
	Author = {Carmel, E},
	File = {:Users/advanced/Documents/Mendeley Desktop//Time-b-wmpletion in software package startups - Camel, Washington - 1994.pdf:pdf},
	Journal = {System Sciences, 1994. Proceedings of the},
	Pages = {498--507},
	Title = {{Time-to-completion in software package startups}},
	Url = {http://ieeexplore.ieee.org/xpls/abs\_all.jsp?arnumber=323468},
	Year = {1994},
	Bdsk-Url-1 = {http://ieeexplore.ieee.org/xpls/abs%5C_all.jsp?arnumber=323468}}

@article{Chorev2006,
	Author = {Chorev, Schaul and Anderson, Alistair R.},
	Doi = {10.1016/j.technovation.2005.06.014},
	File = {:Users/advanced/Documents/Mendeley Desktop/Success in Israeli high-tech start-ups Critical factors and process - Chorev, Anderson - 2006.pdf:pdf},
	Issn = {01664972},
	Journal = {Technovation},
	Keywords = {high-tech,israel,start-up,success factors},
	Month = feb,
	Number = {2},
	Pages = {162--174},
	Title = {{Success in Israeli high-tech start-ups; Critical factors and process}},
	Url = {http://linkinghub.elsevier.com/retrieve/pii/S0166497205001008},
	Volume = {26},
	Year = {2006},
	Bdsk-Url-1 = {http://linkinghub.elsevier.com/retrieve/pii/S0166497205001008},
	Bdsk-Url-2 = {http://dx.doi.org/10.1016/j.technovation.2005.06.014}}

@article{Coleman2008,
	Author = {Coleman, Gerry and O'Connor, Rory V.},
	Doi = {10.1108/17410390810911221},
	File = {:Users/advanced/Documents/Mendeley Desktop/An investigation into software development process formation in software start-ups - Coleman, O'Connor - 2008(2).pdf:pdf},
	Issn = {1741-0398},
	Journal = {Journal of Enterprise Information Management},
	Number = {6},
	Pages = {633--648},
	Title = {{An investigation into software development process formation in software start-ups}},
	Url = {http://www.emeraldinsight.com/10.1108/17410390810911221},
	Volume = {21},
	Year = {2008},
	Bdsk-Url-1 = {http://www.emeraldinsight.com/10.1108/17410390810911221},
	Bdsk-Url-2 = {http://dx.doi.org/10.1108/17410390810911221}}

@article{Crowne2002,
	Author = {Crowne, M},
	File = {:Users/advanced/Documents/Mendeley Desktop//Why software product startups fail and what to do about it - Crowne - 2002.pdf:pdf},
	Isbn = {0780373855},
	Journal = {Proceedings of 2002 IEEE International Engineering},
	Pages = {338--343},
	Title = {{Why software product startups fail and what to do about it}},
	Url = {http://www.cs.uu.nl/docs/vakken/ie/docs/whystartupsfailandwhattodoaboutit.pdf},
	Year = {2002},
	Bdsk-Url-1 = {http://www.cs.uu.nl/docs/vakken/ie/docs/whystartupsfailandwhattodoaboutit.pdf}}

@article{Deakins2005,
	Author = {Deakins, Eric and Dillon, Stuart},
	Doi = {10.1016/j.ijproman.2004.05.007},
	File = {:Users/advanced/Documents/Mendeley Desktop/A helical model for managing innovative product and service initiatives in volatile commercial environments - Deakins, Dillon - 2005.pdf:pdf},
	Issn = {02637863},
	Journal = {International Journal of Project Management},
	Keywords = {innovation,managing projects,technology},
	Month = jan,
	Number = {1},
	Pages = {65--74},
	Title = {{A helical model for managing innovative product and service initiatives in volatile commercial environments}},
	Url = {http://linkinghub.elsevier.com/retrieve/pii/S0263786304000559},
	Volume = {23},
	Year = {2005},
	Bdsk-Url-1 = {http://linkinghub.elsevier.com/retrieve/pii/S0263786304000559},
	Bdsk-Url-2 = {http://dx.doi.org/10.1016/j.ijproman.2004.05.007}}

@article{Fayad1997,
	Author = {Fayad, ME},
	File = {:Users/advanced/Documents/Mendeley Desktop/Process assessment considered wasteful - Fayad - 1997.pdf:pdf},
	Journal = {Communications of the ACM},
	Number = {11},
	Pages = {125--128},
	Title = {{Process assessment considered wasteful}},
	Url = {http://dl.acm.org/citation.cfm?id=265701},
	Volume = {40},
	Year = {1997},
	Bdsk-Url-1 = {http://dl.acm.org/citation.cfm?id=265701}}

@article{Hanna2010,
	Author = {Hanna, Rosine and Daim, Tugrul U.},
	Doi = {10.1504/IJSSCI.2010.029862},
	File = {:Users/advanced/Documents/Mendeley Desktop/Information technology acquisition in the service sector - Hanna, Daim - 2010.pdf:pdf},
	Issn = {1753-1446},
	Journal = {International Journal of Services Sciences},
	Number = {1},
	Pages = {21},
	Title = {{Information technology acquisition in the service sector}},
	Url = {http://www.inderscience.com/link.php?id=29862},
	Volume = {3},
	Year = {2010},
	Bdsk-Url-1 = {http://www.inderscience.com/link.php?id=29862},
	Bdsk-Url-2 = {http://dx.doi.org/10.1504/IJSSCI.2010.029862}}

@article{Hasel2010,
	Author = {H\"{a}sel, Matthias and Breugst, Nicola and Kollmann, Tobias},
	Doi = {10.1007/s12599-010-0109-5},
	File = {:Users/advanced/Documents/Mendeley Desktop/IT Competence in Internet Founder Teams An Analysis of Preferences and Product Innovativity - H\"{a}sel, Breugst, Kollmann - 2010.pdf:pdf},
	Journal = {Business \& Information System Engineering},
	Pages = {209--217},
	Title = {{IT Competence in Internet Founder Teams An Analysis of Preferences and Product Innovativity}},
	Year = {2010},
	Bdsk-Url-1 = {http://dx.doi.org/10.1007/s12599-010-0109-5}}

@article{Heitlager2007,
	Author = {Heitlager, Ilja and Helms, Remko and Brinkkemper, Sjaak},
	Doi = {10.1109/SE.2007.14},
	File = {:Users/advanced/Documents/Mendeley Desktop/A Tentative Technique for the Study and Planning of Co-Evolution in Product - Heitlager, Helms, Brinkkemper - 2007.pdf:pdf},
	Isbn = {0-7695-3002-8},
	Journal = {Third International IEEE Workshop on Software Evolvability 2007},
	Month = oct,
	Pages = {42--47},
	Publisher = {Ieee},
	Title = {{A Tentative Technique for the Study and Planning of Co-Evolution in Product}},
	Url = {http://ieeexplore.ieee.org/lpdocs/epic03/wrapper.htm?arnumber=4383096},
	Year = {2007},
	Bdsk-Url-1 = {http://ieeexplore.ieee.org/lpdocs/epic03/wrapper.htm?arnumber=4383096},
	Bdsk-Url-2 = {http://dx.doi.org/10.1109/SE.2007.14}}

@article{Hilmola2003,
	Author = {Hilmola, Olli-Pekka and Helo, Petri and Ojala, Lauri},
	Doi = {10.1002/sdr.255},
	File = {:Users/advanced/Documents/Mendeley Desktop/The value of product development lead time in software startup - Hilmola, Helo, Ojala - 2003.pdf:pdf},
	Issn = {0883-7066},
	Journal = {System Dynamics Review},
	Number = {1},
	Pages = {75--82},
	Title = {{The value of product development lead time in software startup}},
	Url = {http://doi.wiley.com/10.1002/sdr.255},
	Volume = {19},
	Year = {2003},
	Bdsk-Url-1 = {http://doi.wiley.com/10.1002/sdr.255},
	Bdsk-Url-2 = {http://dx.doi.org/10.1002/sdr.255}}

@article{Jansen2008,
	Author = {Jansen, S and Brinkkemper, S and Hunink, I},
	File = {:Users/advanced/Documents/Mendeley Desktop/Pragmatic and Opportunistic Reuse in Innovative Start-up Companies - Jansen, Brinkkemper, Hunink - 2008.pdf:pdf},
	Journal = {Software, IEEE},
	Pages = {42--49},
	Title = {{Pragmatic and Opportunistic Reuse in Innovative Start-up Companies}},
	Url = {http://ieeexplore.ieee.org/xpls/abs\_all.jsp?arnumber=4670713},
	Year = {2008},
	Bdsk-Url-1 = {http://ieeexplore.ieee.org/xpls/abs%5C_all.jsp?arnumber=4670713}}

@article{Kajko-Mattsson2008,
	Author = {Kajko-Mattsson, Mira and Nikitina, Natalja},
	Doi = {10.1109/CSSE.2008.1370},
	File = {:Users/advanced/Documents/Mendeley Desktop/From Knowing Nothing to Knowing a Little Experiences Gained from Process Improvement in a Start-Up Company - Kajko-Mattsson, Nikitina - 2008.pdf:pdf},
	Isbn = {978-0-7695-3336-0},
	Journal = {2008 International Conference on Computer Science and Software Engineering},
	Keywords = {-software evolution and maintenance,almost nothing to knowing,at least something about,key words,management,oral and written communication,release,the status},
	Number = {October 2007},
	Pages = {617--621},
	Publisher = {Ieee},
	Title = {{From Knowing Nothing to Knowing a Little: Experiences Gained from Process Improvement in a Start-Up Company}},
	Url = {http://ieeexplore.ieee.org/lpdocs/epic03/wrapper.htm?arnumber=4722127},
	Year = {2008},
	Bdsk-Url-1 = {http://ieeexplore.ieee.org/lpdocs/epic03/wrapper.htm?arnumber=4722127},
	Bdsk-Url-2 = {http://dx.doi.org/10.1109/CSSE.2008.1370}}

@article{Kakati2003,
	Author = {Kakati, M.},
	Doi = {10.1016/S0166-4972(02)00014-7},
	File = {:Users/advanced/Documents/Mendeley Desktop/Success criteria in high-tech new ventures - Kakati - 2003.pdf:pdf},
	Issn = {01664972},
	Journal = {Technovation},
	Keywords = {high-tech new venture,new venture risk factor,success criteria},
	Month = may,
	Number = {5},
	Pages = {447--457},
	Title = {{Success criteria in high-tech new ventures}},
	Url = {http://linkinghub.elsevier.com/retrieve/pii/S0166497202000147},
	Volume = {23},
	Year = {2003},
	Bdsk-Url-1 = {http://linkinghub.elsevier.com/retrieve/pii/S0166497202000147},
	Bdsk-Url-2 = {http://dx.doi.org/10.1016/S0166-4972(02)00014-7}}

@article{Kim2005,
	Author = {Kim, Euijin and Tadisina, Suresh},
	File = {:Users/advanced/Documents/Mendeley Desktop/Factors impacting customers' initial trust in e-businesses an empirical study - Kim, Tadisina - 2005.pdf:pdf},
	Isbn = {0769522688},
	Journal = {Proceedings of the 38th Annual Hawaii International Conference on System Sciences},
	Pages = {1--10},
	Title = {{Factors impacting customers' initial trust in e-businesses: an empirical study}},
	Url = {http://ieeexplore.ieee.org/xpls/abs\_all.jsp?arnumber=1385577},
	Volume = {07},
	Year = {2005},
	Bdsk-Url-1 = {http://ieeexplore.ieee.org/xpls/abs%5C_all.jsp?arnumber=1385577}}

@article{Kuvinka2011,
	Author = {Kuvinka, Kathee},
	File = {:Users/advanced/Documents/Mendeley Desktop/Scrum and the Single Writer - Kuvinka - 2011.pdf:pdf},
	Journal = {Technical Communication Summit, Proceedings},
	Number = {May},
	Pages = {18--19},
	Title = {{Scrum and the Single Writer}},
	Year = {2011}}

@article{Lai2010,
	Author = {Lai, Sau-ling},
	File = {:Users/advanced/Documents/Mendeley Desktop/Chinese Entrepreneurship in the Internet Age Lessons from Alibaba.com - Lai - 2010.pdf:pdf},
	Journal = {World Academy of Science, Engineering and Technology},
	Keywords = {entrepreneurship},
	Pages = {405--411},
	Title = {{Chinese Entrepreneurship in the Internet Age : Lessons from Alibaba.com}},
	Volume = {72},
	Year = {2010}}

@inproceedings{Mater2000,
	Author = {Mater, JL and Subramanian, B.},
	Booktitle = {EIGHTEENTH ANNUAL PACIFIC NORTHWEST SOFTWARE QUALITY CONFERENCE, PROCEEDINGS},
	File = {:Users/advanced/Documents/Mendeley Desktop/Solving the software quality management problem in Internet startups - Mater, Subramanian - 2000.pdf:pdf},
	Pages = {297--306},
	Title = {{Solving the software quality management problem in Internet startups}},
	Url = {http://www.snapshots.pnsqc.org/2011-theme/pnsqc-01-26-2011/proceedings/pnsqc00.pdf\#page=502},
	Year = {2000},
	Bdsk-Url-1 = {http://www.snapshots.pnsqc.org/2011-theme/pnsqc-01-26-2011/proceedings/pnsqc00.pdf%5C#page=502}}

@article{Midler2008,
	Author = {Midler, Christophe and Silberzahn, Philippe},
	Doi = {10.1016/j.ijproman.2008.05.003},
	File = {:Users/advanced/Documents/Mendeley Desktop/Managing robust development process for high-tech startups through multi-project learning The case of two European start-ups - Midler, Silberzahn - 2008.pdf:pdf},
	Issn = {02637863},
	Journal = {International Journal of Project Management},
	Keywords = {effectuation,entrepreneurship,learning,projects},
	Month = jul,
	Number = {5},
	Pages = {479--486},
	Title = {{Managing robust development process for high-tech startups through multi-project learning: The case of two European start-ups}},
	Url = {http://linkinghub.elsevier.com/retrieve/pii/S0263786308000677},
	Volume = {26},
	Year = {2008},
	Bdsk-Url-1 = {http://linkinghub.elsevier.com/retrieve/pii/S0263786308000677},
	Bdsk-Url-2 = {http://dx.doi.org/10.1016/j.ijproman.2008.05.003}}

@article{Mirel2000,
	Author = {Mirel, Barbara},
	File = {:Users/advanced/Documents/Mendeley Desktop/Product, process, and profit the politics of usability in a software venture - Mirel - 2000.pdf:pdf},
	Journal = {ACM Journal of Computer Documentation (JCD)},
	Keywords = {goal conflict,political support,sociology,usability},
	Number = {4},
	Pages = {185--203},
	Title = {{Product, process, and profit: the politics of usability in a software venture}},
	Url = {http://dl.acm.org/citation.cfm?id=353928},
	Volume = {24},
	Year = {2000},
	Bdsk-Url-1 = {http://dl.acm.org/citation.cfm?id=353928}}

@article{Silva2005,
	Author = {da Silva, A and Kon, F},
	File = {:Users/advanced/Documents/Mendeley Desktop/Xp south of the equator An experience implementing xp in brazil - Silva, Kon - 2005.pdf:pdf},
	Journal = {Extreme Programming and Agile Processes},
	Pages = {10--18},
	Title = {{Xp south of the equator: An experience implementing xp in brazil}},
	Url = {http://www.springerlink.com/index/L4MB5RKD4TED922X.pdf},
	Year = {2005},
	Bdsk-Url-1 = {http://www.springerlink.com/index/L4MB5RKD4TED922X.pdf}}

@article{Stanfill2007,
	Author = {Stanfill, RK},
	File = {:Users/advanced/Documents/Mendeley Desktop/Improving Entrepreneurship Team Performance through Market Feasibility Analysis, Early Identification of Technical Requirements, and Intellectual Property Support - Stanfill - 2007.pdf:pdf},
	Journal = {Proceedings of the 2007 American Society for Engineering Education Annual Conference \& Exposition Copyright},
	Title = {{Improving Entrepreneurship Team Performance through Market Feasibility Analysis, Early Identification of Technical Requirements, and Intellectual Property Support}},
	Url = {http://www.icee.usm.edu/ICEE/conferences/asee2007/papers/2797\_IMPROVING\_ENTREPRENEURSHIP\_TEAM\_PERFORMA.pdf},
	Year = {2007},
	Bdsk-Url-1 = {http://www.icee.usm.edu/ICEE/conferences/asee2007/papers/2797%5C_IMPROVING%5C_ENTREPRENEURSHIP%5C_TEAM%5C_PERFORMA.pdf}}

@article{Steenhuis2008,
	Author = {Steenhuis, Harm-Jan and de Bruijn, Erik J.},
	Doi = {10.1109/ICMIT.2008.4654475},
	File = {:Users/advanced/Documents/Mendeley Desktop/Innovation and technology based economic development Are there short-cuts - Steenhuis, de Bruijn - 2008.pdf:pdf},
	Isbn = {978-1-4244-2329-3},
	Journal = {2008 4th IEEE International Conference on Management of Innovation and Technology},
	Keywords = {- innovation,technological development},
	Month = sep,
	Pages = {837--841},
	Publisher = {Ieee},
	Title = {{Innovation and technology based economic development: Are there short-cuts?}},
	Url = {http://ieeexplore.ieee.org/lpdocs/epic03/wrapper.htm?arnumber=4654475},
	Year = {2008},
	Bdsk-Url-1 = {http://ieeexplore.ieee.org/lpdocs/epic03/wrapper.htm?arnumber=4654475},
	Bdsk-Url-2 = {http://dx.doi.org/10.1109/ICMIT.2008.4654475}}

@article{Su-Chan2007,
	Author = {Su-Chan},
	Date-Modified = {2012-06-27 07:52:36 +0000},
	File = {:Users/advanced/Documents/Mendeley Desktop/The Role of Value Proposition and Value Co-Production in New Internet Startups - Su-Chan - 2007.pdf:pdf},
	Journal = {Proceedings PICMET 2007},
	Pages = {5--9},
	Title = {The Role of Value Proposition and Value Co-Production in New Internet Startups : How New Venture e-Businesses Achieve Competitive Advantage},
	Year = {2007}}

@article{Sutton2000,
	Abstract = {In the start-up environment, software process technologies and methodologies that focus on advanced levels of process maturity can be out of place. This article gives an overview of a start-up's relationship with the software process and gives guidelines on how to apply this process to a start-up company},
	Author = {Sutton, S. M.},
	Doi = {10.1109/52.854066},
	File = {:Users/advanced/Documents/Mendeley Desktop//The Role of Process in a Software Start-up - Andretti - 2000.pdf:pdf},
	Issn = {0740-7459},
	Journal = {IEEE Software},
	Keywords = {Application software,Communication channels,Communication industry,Communication system software,Communications technology,Computer industry,Dynamic programming,Guidelines,History,Software quality,software development management,software houses,software process improvement,software process maturity,software process technologies,software start-up environment,start-up company},
	Language = {English},
	Mendeley-Tags = {Application software,Communication channels,Communication industry,Communication system software,Communications technology,Computer industry,Dynamic programming,Guidelines,History,Software quality,software development management,software houses,software process improvement,software process maturity,software process technologies,software start-up environment,start-up company},
	Month = aug,
	Number = {4},
	Pages = {33--39},
	Title = {{The role of process in software start-up}},
	Url = {http://ieeexplore.ieee.org/ielx5/52/18557/00854066.pdf?tp=\&arnumber=854066\&isnumber=18557},
	Volume = {17},
	Year = {2000},
	Bdsk-Url-1 = {http://ieeexplore.ieee.org/ielx5/52/18557/00854066.pdf?tp=%5C&arnumber=854066%5C&isnumber=18557},
	Bdsk-Url-2 = {http://dx.doi.org/10.1109/52.854066}}

@misc{Taipale2010,
	Author = {Taipale, Marko},
	Booktitle = {Lecture Notes in Business Information Processing},
	Keywords = {agile software development,extreme programming,kanban,lean product development,lean startup,scrum},
	Pages = {111--114},
	Title = {{Huitale - A story of a Finnish lean startup}},
	Url = {http://www.scopus.com/inward/record.url?eid=2-s2.0-78649826838\&partnerID=40\&md5=d23f635a5e8d43ecaeca85d092b4f8cd},
	Volume = {65 LNBIP},
	Year = {2010},
	Bdsk-Url-1 = {http://www.scopus.com/inward/record.url?eid=2-s2.0-78649826838%5C&partnerID=40%5C&md5=d23f635a5e8d43ecaeca85d092b4f8cd}}

@article{Tanabian2005,
	Author = {Tanabian, MM},
	File = {:Users/advanced/Documents/Mendeley Desktop/Building high-performance team through effective job design for an early stage software start-up - Tanabian - 2005.pdf:pdf},
	Isbn = {078039139X},
	Journal = {Management Conference, 2005},
	Keywords = {features are the areas,high-performance team,is,job design,producing a software system,requirements and features,software,that the system needs,the,this is,to address,to identify and analyze},
	Pages = {789--792},
	Title = {{Building high-performance team through effective job design for an early stage software start-up}},
	Url = {http://ieeexplore.ieee.org/xpls/abs\_all.jsp?arnumber=1559257},
	Year = {2005},
	Bdsk-Url-1 = {http://ieeexplore.ieee.org/xpls/abs%5C_all.jsp?arnumber=1559257}}

@article{Tingling2007,
	Author = {Tingling, Peter},
	File = {:Users/advanced/Documents/Mendeley Desktop/Extreme programming in action a longitudinal case study - Tingling - 2007.pdf:pdf},
	Journal = {Proceedings of the 12th international conference},
	Keywords = {agile methods,extreme programming,rapid application dev-},
	Pages = {242--251},
	Title = {{Extreme programming in action: a longitudinal case study}},
	Url = {http://dl.acm.org/citation.cfm?id=1772518},
	Year = {2007},
	Bdsk-Url-1 = {http://dl.acm.org/citation.cfm?id=1772518}}

@article{Wood2005,
	Author = {Wood, David},
	File = {:Users/advanced/Documents/Mendeley Desktop/Open Source Software Strategies for Venture-Funded Startups - Wood - 2005.pdf:pdf},
	Keywords = {an effective,and proprietary components will,be addressed,business strategies,commercial product into open,entrepreneurship,open source strategies,software licenses,source,strategies to segment a},
	Title = {{Open Source Software Strategies for Venture-Funded Startups}},
	Url = {http://citeseerx.ist.psu.edu/viewdoc/download?doi=10.1.1.70.1010\&amp;rep=rep1\&amp;type=pdf},
	Year = {2005},
	Bdsk-Url-1 = {http://citeseerx.ist.psu.edu/viewdoc/download?doi=10.1.1.70.1010%5C&amp;rep=rep1%5C&amp;type=pdf}}

@article{Yoffie1999,
	Author = {Yoffie, DB},
	File = {:Users/advanced/Documents/Mendeley Desktop/Building a company on Internet time Lessons from netscape - Yoffie - 1999.pdf:pdf},
	Journal = {California Management Review},
	Number = {3},
	Title = {{Building a company on Internet time: Lessons from netscape}},
	Url = {http://elibrary.ru/item.asp?id=3468495},
	Volume = {4},
	Year = {1999},
	Bdsk-Url-1 = {http://elibrary.ru/item.asp?id=3468495}}

@article{Yogendra2002,
	Author = {Yogendra, S},
	File = {:Users/advanced/Documents/Mendeley Desktop/Aligning business and technology strategies a comparison of established and start-up business contexts - Yogendra - 2002.pdf:pdf},
	Isbn = {0780373855},
	Journal = {Management Conference, 2002.},
	Title = {{Aligning business and technology strategies: a comparison of established and start-up business contexts}},
	Url = {http://ieeexplore.ieee.org/xpls/abs\_all.jsp?arnumber=1038356},
	Year = {2002},
	Bdsk-Url-1 = {http://ieeexplore.ieee.org/xpls/abs%5C_all.jsp?arnumber=1038356}}

@article{Zettel2001,
	Author = {Zettel, J\"{o}rg and Maurer, Frank and M\"{u}nch, J\"{u}rgen and Wong, Les},
	File = {:Users/advanced/Documents/Mendeley Desktop/LIPE a lightweight process for e-business startup companies based on extreme programming - Zettel et al. - 2001.pdf:pdf},
	Journal = {Product Focused Software Process Improvement},
	Pages = {255--270},
	Publisher = {Springer},
	Title = {{LIPE: a lightweight process for e-business startup companies based on extreme programming}},
	Url = {http://www.springerlink.com/index/wtr16v67jyx3r7dr.pdf},
	Year = {2001},
	Bdsk-Url-1 = {http://www.springerlink.com/index/wtr16v67jyx3r7dr.pdf}}

@comment{BibDesk Static Groups{
<?xml version="1.0" encoding="UTF-8"?>
<!DOCTYPE plist PUBLIC "-//Apple//DTD PLIST 1.0//EN" "http://www.apple.com/DTDs/PropertyList-1.0.dtd">
<plist version="1.0">
<array>
	<dict>
		<key>group name</key>
		<string>1</string>
		<key>keys</key>
		<string></string>
	</dict>
</array>
</plist>
}}
